@misc{key,
 
  title       = {Cancer Research },
 howpublished = {\url{https://www.cancerresearchuk.org/about-cancer/acute-lymphoblastic-leukaemia-all/about
}},
 publisher = {Online}
  }
  @article{kohler1981segmentation,
  title={A segmentation system based on thresholding},
  author={Kohler, Ralf},
  journal={Computer Graphics and Image Processing},
  volume={15},
  number={4},
  pages={319--338},
  year={1981},
  publisher={Elsevier}
}
@article{o2015introduction,
  title={An introduction to convolutional neural networks},
  author={O'shea, Keiron and Nash, Ryan},
  journal={arXiv preprint arXiv:1511.08458},
  year={2015}
}
@article{clevert2015fast,
  title={Fast and accurate deep network learning by exponential linear units (elus)},
  author={Clevert, Djork-Arn{\'e} and Unterthiner, Thomas and Hochreiter, Sepp},
  journal={arXiv preprint arXiv:1511.07289},
  year={2015}
}
@inproceedings{labati2011all,
  title={All-IDB: The acute lymphoblastic leukemia image database for image processing},
  author={Labati, Ruggero Donida and Piuri, Vincenzo and Scotti, Fabio},
  booktitle={2011 18th IEEE international conference on image processing},
  pages={2045--2048},
  year={2011},
  organization={IEEE}
}
@article{khandekar2021automated,
  title={Automated blast cell detection for Acute Lymphoblastic Leukemia diagnosis},
  author={Khandekar, Rohan and Shastry, Prakhya and Jaishankar, Smruthi and Faust, Oliver and Sampathila, Niranjana},
  journal={Biomedical Signal Processing and Control},
  volume={68},
  pages={102690},
  year={2021},
  publisher={Elsevier}
}
@article{ahmed2019identification,
  title={Identification of leukemia subtypes from microscopic images using convolutional neural network},
  author={Ahmed, Nizar and Yigit, Altug and Isik, Zerrin and Alpkocak, Adil},
  journal={Diagnostics},
  volume={9},
  number={3},
  pages={104},
  year={2019},
  publisher={MDPI}
}
@inproceedings{arif2022automatic,
  title={Automatic Detection of Leukemia through Convolutional Neural Network},
  author={Arif, Rida and Akbar, Shahzad and Farooq, Ahmad Bilal and Hassan, Syed Ale and Gull, Sahar},
  booktitle={2022 International Conference on Frontiers of Information Technology (FIT)},
  pages={195--200},
  year={2022},
  organization={IEEE}
}
@article{krizhevsky2012imagenet,
  title={Imagenet classification with deep convolutional neural networks},
  author={Krizhevsky, Alex and Sutskever, Ilya and Hinton, Geoffrey E},
  journal={Advances in neural information processing systems},
  volume={25},
  year={2012}
}
@inproceedings{mohammed2013chronic,
  title={Chronic lymphocytic leukemia cell segmentation from microscopic blood images using watershed algorithm and optimal thresholding},
  author={Mohammed, Emad A and Mohamed, Mostaja MA and Naugler, Christopher and Far, Behrouz H},
  booktitle={2013 26th IEEE Canadian Conference on Electrical and Computer Engineering (CCECE)},
  pages={1--5},
  year={2013},
  organization={IEEE}
}
@article{breiman2001random,
  title={Random forests},
  author={Breiman, Leo},
  journal={Machine learning},
  volume={45},
  pages={5--32},
  year={2001},
  publisher={Springer}
}
@article{hearst1998support,
  title={Support vector machines},
  author={Hearst, Marti A. and Dumais, Susan T and Osuna, Edgar and Platt, John and Scholkopf, Bernhard},
  journal={IEEE Intelligent Systems and their applications},
  volume={13},
  number={4},
  pages={18--28},
  year={1998},
  publisher={IEEE}
}
@article{peterson2009k,
  title={K-nearest neighbor},
  author={Peterson, Leif E},
  journal={Scholarpedia},
  volume={4},
  number={2},
  pages={1883},
  year={2009}
}
@article{lu2021wbc,
  title={WBC-Net: A white blood cell segmentation network based on UNet++ and ResNet},
  author={Lu, Yan and Qin, Xuejun and Fan, Haoyi and Lai, Taotao and Li, Zuoyong},
  journal={Applied Soft Computing},
  volume={101},
  pages={107006},
  year={2021},
  publisher={Elsevier}
}
@inproceedings{he2016deep,
  title={Deep residual learning for image recognition},
  author={He, Kaiming and Zhang, Xiangyu and Ren, Shaoqing and Sun, Jian},
  booktitle={Proceedings of the IEEE conference on computer vision and pattern recognition},
  pages={770--778},
  year={2016}
}
@inproceedings{radosavovic2020designing,
  title={Designing network design spaces},
  author={Radosavovic, Ilija and Kosaraju, Raj Prateek and Girshick, Ross and He, Kaiming and Doll{\'a}r, Piotr},
  booktitle={Proceedings of the IEEE/CVF conference on computer vision and pattern recognition},
  pages={10428--10436},
  year={2020}
}
@article{sulaiman2023resrandsvm,
  title={ResRandSVM: Hybrid approach for acute lymphocytic leukemia classification in blood smear images},
  author={Sulaiman, Adel and Kaur, Swapandeep and Gupta, Sheifali and Alshahrani, Hani and Reshan, Mana Saleh Al and Alyami, Sultan and Shaikh, Asadullah},
  journal={Diagnostics},
  volume={13},
  number={12},
  pages={2121},
  year={2023},
  publisher={MDPI}
}
