@misc{key,
 
  author       = {Cancer Research },
 howpublished = {\url{ https://www.cancerresearchuk.org/health-professional/cancer-statistics-for-the-uk 
}},
 publisher = {Online}
  }
  @article{khan2016descriptors,
  title={Descriptors and their selection methods in QSAR analysis: paradigm for drug design},
  author={Khan, Asad U and others},
  journal={Drug discovery today},
  volume={21},
  number={8},
  pages={1291--1302},
  year={2016},
  publisher={Elsevier}
}
@inproceedings{chen2007enhanced,
  title={Enhanced recursive feature elimination},
  author={Chen, Xue-wen and Jeong, Jong Cheol},
  booktitle={Sixth international conference on machine learning and applications (ICMLA 2007)},
  pages={429--435},
  year={2007},
  organization={IEEE}
}
@article{hearst1998support,
  title={Support vector machines},
  author={Hearst, Marti A. and Dumais, Susan T and Osuna, Edgar and Platt, John and Scholkopf, Bernhard},
  journal={IEEE Intelligent Systems and their applications},
  volume={13},
  number={4},
  pages={18--28},
  year={1998},
  publisher={IEEE}
}
@article{basheer2000artificial,
  title={Artificial neural networks: fundamentals, computing, design, and application},
  author={Basheer, Imad A and Hajmeer, Maha},
  journal={Journal of microbiological methods},
  volume={43},
  number={1},
  pages={3--31},
  year={2000},
  publisher={Elsevier}
}
@article{peterson2009k,
  title={K-nearest neighbor},
  author={Peterson, Leif E},
  journal={Scholarpedia},
  volume={4},
  number={2},
  pages={1883},
  year={2009}
}
@article{agrawal2021anticp,
  title={AntiCP 2.0: an updated model for predicting anticancer peptides},
  author={Agrawal, Piyush and Bhagat, Dhruv and Mahalwal, Manish and Sharma, Neelam and Raghava, Gajendra PS},
  journal={Briefings in bioinformatics},
  volume={22},
  number={3},
  pages={bbaa153},
  year={2021},
  publisher={Oxford University Press}
}

@article{tyagi2015cancerppd,
  title={CancerPPD: a database of anticancer peptides and proteins},
  author={Tyagi, Atul and Tuknait, Abhishek and Anand, Priya and Gupta, Sudheer and Sharma, Minakshi and Mathur, Deepika and Joshi, Anshika and Singh, Sandeep and Gautam, Ankur and Raghava, Gajendra PS},
  journal={Nucleic acids research},
  volume={43},
  number={D1},
  pages={D837--D843},
  year={2015},
  publisher={Oxford University Press}
}
@article{yuan2023prediction,
  title={Prediction of anticancer peptides based on an ensemble model of deep learning and machine learning using ordinal positional encoding},
  author={Yuan, Qitong and Chen, Keyi and Yu, Yimin and Le, Nguyen Quoc Khanh and Chua, Matthew Chin Heng},
  journal={Briefings in Bioinformatics},
  volume={24},
  number={1},
  pages={bbac630},
  year={2023},
  publisher={Oxford University Press}
}
@article{schaduangrat2019acpred,
  title={ACPred: a computational tool for the prediction and analysis of anticancer peptides},
  author={Schaduangrat, Nalini and Nantasenamat, Chanin and Prachayasittikul, Virapong and Shoombuatong, Watshara},
  journal={Molecules},
  volume={24},
  number={10},
  pages={1973},
  year={2019},
  publisher={MDPI}
}
@article{smith1966amino,
  title={The amino acid composition of proteins},
  author={Smith, Malcolm H},
  journal={Journal of Theoretical Biology},
  volume={13},
  pages={261--282},
  year={1966},
  publisher={Elsevier}
}
@article{petrilli1993classification,
  title={Classification of protein sequences by their dipeptide composition},
  author={Petrilli, Pasquale},
  journal={Bioinformatics},
  volume={9},
  number={2},
  pages={205--209},
  year={1993},
  publisher={Oxford University Press}
}
@article{qi2012random,
  title={Random forest for bioinformatics},
  author={Qi, Yanjun},
  journal={Ensemble machine learning: Methods and applications},
  pages={307--323},
  year={2012},
  publisher={Springer}
}
