@article{levine2020synthesis,
  title={Synthesis of diagnostic quality cancer pathology images by generative adversarial networks},
  author={Levine, Adrian B and Peng, Jason and Farnell, David and Nursey, Mitchell and Wang, Yiping and Naso, Julia R and Ren, Hezhen and Farahani, Hossein and Chen, Colin and Chiu, Derek and others},
  journal={The Journal of pathology},
  volume={252},
  number={2},
  pages={178--188},
  year={2020},
  publisher={Wiley Online Library}
}
@article{xue2021selective,
  title={Selective synthetic augmentation with HistoGAN for improved histopathology image classification},
  author={Xue, Yuan and Ye, Jiarong and Zhou, Qianying and Long, L Rodney and Antani, Sameer and Xue, Zhiyun and Cornwell, Carl and Zaino, Richard and Cheng, Keith C and Huang, Xiaolei},
  journal={Medical image analysis},
  volume={67},
  pages={101816},
  year={2021},
  publisher={Elsevier}
}
@inproceedings{butte2022sharp,
  title={Sharp-gan: Sharpness loss regularized gan for histopathology image synthesis},
  author={Butte, Sujata and Wang, Haotian and Xian, Min and Vakanski, Aleksandar},
  booktitle={2022 IEEE 19th International Symposium on Biomedical Imaging (ISBI)},
  pages={1--5},
  year={2022},
  organization={IEEE}
}
@inproceedings{saharia2022palette,
  title={Palette: Image-to-image diffusion models},
  author={Saharia, Chitwan and Chan, William and Chang, Huiwen and Lee, Chris and Ho, Jonathan and Salimans, Tim and Fleet, David and Norouzi, Mohammad},
  booktitle={ACM SIGGRAPH 2022 conference proceedings},
  pages={1--10},
  year={2022}
}
@InProceedings{Rombach_2022_CVPR,
    author    = {Rombach, Robin and Blattmann, Andreas and Lorenz, Dominik and Esser, Patrick and Ommer, Bj\"orn},
    title     = {High-Resolution Image Synthesis With Latent Diffusion Models},
    booktitle = {Proceedings of the IEEE/CVF Conference on Computer Vision and Pattern Recognition (CVPR)},
    month     = {June},
    year      = {2022},
    pages     = {10684-10695}
}
@InProceedings{Kim_2024_WACV,
    author    = {Kim, Jonghun and Park, Hyunjin},
    title     = {Adaptive Latent Diffusion Model for 3D Medical Image to Image Translation: Multi-Modal Magnetic Resonance Imaging Study},
    booktitle = {Proceedings of the IEEE/CVF Winter Conference on Applications of Computer Vision (WACV)},
    month     = {January},
    year      = {2024},
    pages     = {7604-7613}
}
@incollection{pinheiro2021variational,
  title={Variational autoencoder},
  author={Pinheiro Cinelli, Lucas and Ara{\'u}jo Marins, Matheus and Barros da Silva, Eduardo Ant{\'u}nio and Lima Netto, S{\'e}rgio},
  booktitle={Variational Methods for Machine Learning with Applications to Deep Networks},
  pages={111--149},
  year={2021},
  publisher={Springer}
}
@article{spanhol2015dataset,
  title={A dataset for breast cancer histopathological image classification},
  author={Spanhol, Fabio A and Oliveira, Luiz S and Petitjean, Caroline and Heutte, Laurent},
  journal={Ieee transactions on biomedical engineering},
  volume={63},
  number={7},
  pages={1455--1462},
  year={2015},
  publisher={IEEE}
}
@article{o2015introduction,
  title={An introduction to convolutional neural networks},
  author={O'shea, Keiron and Nash, Ryan},
  journal={arXiv preprint arXiv:1511.08458},
  year={2015}
}
@article{graham2014fractional,
  title={Fractional max-pooling},
  author={Graham, Benjamin},
  journal={arXiv preprint arXiv:1412.6071},
  year={2014}
}
@article{arora2016understanding,
  title={Understanding deep neural networks with rectified linear units},
  author={Arora, Raman and Basu, Amitabh and Mianjy, Poorya and Mukherjee, Anirbit},
  journal={arXiv preprint arXiv:1611.01491},
  year={2016}
}
@article{willmott2005advantages,
  title={Advantages of the mean absolute error (MAE) over the root mean square error (RMSE) in assessing average model performance},
  author={Willmott, Cort J and Matsuura, Kenji},
  journal={Climate research},
  volume={30},
  number={1},
  pages={79--82},
  year={2005}
}

@misc{BCDR,
  author = {Breast Cancer Digital Repository},
  howpublished = {\url{http://bcdr.inegi.up.pt}},
  publisher={Online}
}